@misc{chilecubica,
  author       = {Chile Cúbica},
  title        = {Estudio de Costos APU - Chile Cúbica},
  year         = {2024},
  howpublished = {\url{https://www.chilecubica.com/estudio-costos/a-p-u/}},
  note         = {Último acceso: 28-septiembre-2024}
}

@misc{studocu2024,
  author       = {StuDocu},
  title        = {Cuadrillas de Trabajo en Construcción - Universidad IVES},
  year         = {2024},
  howpublished = {\url{https://www.studocu.com/es-mx/document/universidad-ives/derecho-civil/cuadrillas-de-trabajo-en-construccion/35552268?origin=course-highest-rated-1}},
  note         = {Último acceso: 28-septiembre-2024}
}

@misc{slideshare2024,
  author       = {SlideShare},
  title        = {Cuadrillas de Trabajo - SlideShare},
  year         = {2024},
  howpublished = {\url{https://es.slideshare.net/slideshow/cuadrillas-de-trabajo/13176676}},
  note         = {Último acceso: 28-septiembre-2024}
}

@misc{andacco2024,
  author       = {Andacco},
  title        = {Lista de Precios Arriendos de Herramientas y Maquinarias para Construcción - Andacco},
  year         = {2024},
  howpublished = {\url{https://andacco.cl/lista-de-precios-arriendos-herramientas-y-maquinarias-construccion/}},
  note         = {Último acceso: 28-septiembre-2024}
}

@misc{scribd2024,
  author       = {Scribd},
  title        = {Lista de Precios Maquinaria Pesada - Scribd},
  year         = {2024},
  howpublished = {\url{https://es.scribd.com/document/598131871/LISTA-DE-PRECIOS-MAQUINARIA-PESADA}},
  note         = {Último acceso: 28-septiembre-2024}
}

@misc{inia2024,
  author       = {INIA - Instituto de Investigaciones Agropecuarias},
  title        = {Rendimiento Aproximado de Excavación y Recomendaciones para Excavaciones - INIA},
  year         = {2024},
  howpublished = {\url{https://biblioteca.inia.cl/server/api/core/bitstreams/15387f99-bfcc-4256-a3bd-e68d680fb544/content#:~:text=Rendimiento%20aproximado%20de%205%20m3,de%20la%20destreza%20del%20operador.&text=Es%20recomendable%20que%20la%20excavaci%C3%B3n,ya%20sea%20ripio%20o%20arcilla.}},
  note         = {Último acceso: 28-septiembre-2024}
}

@misc{irrisolar2024,
  author       = {Irrisolar},
  title        = {Rodillo Compactador RC650HD - Irrisolar},
  year         = {2024},
  howpublished = {\url{https://irrisolar.cl/product/rodillo-compactador-rc650hd/#:~:text=Rendimiento%3A%202%2C400m2%20%2Fh.}},
  note         = {Último acceso: 28-septiembre-2024}
}

@misc{chilecubica2024_rendimientos,
  author       = {Chile Cúbica},
  title        = {Estudio de Costos y Rendimientos - Chile Cúbica},
  year         = {2024},
  howpublished = {\url{https://www.chilecubica.com/estudio-costos/rendimientos/}},
  note         = {Último acceso: 28-septiembre-2024}
}

@misc{conexioningenieros2018_sueldos,
  author       = {Conexión Ingenieros},
  title        = {Estudio de Sueldos 2018 - Conexión Ingenieros},
  year         = {2018},
  howpublished = {\url{https://www.ingenieros.cl/wp-content/uploads/2019/05/Estudio-de-Sueldos-Conexio%CC%81n-Ingenieros-2018.pdf}},
  note         = {Último acceso: 28-septiembre-2024}
}

@misc{indeed2024_sueldos,
  author       = {Indeed},
  title        = {Salarios de Operador/a de Maquinaria Pesada en Constructora Excon},
  year         = {2024},
  howpublished = {\url{https://cl.indeed.com/cmp/Constructora-Excon-1/salaries/Operador-a-de-maquinaria-pesada}},
  note         = {Último acceso: 28-septiembre-2024}
}

@misc{ipp2024_sueldos,
  author       = {Instituto Profesional Providencia (IPP)},
  title        = {¿Cuáles son las Carreras Mejor Pagadas en Chile?},
  year         = {2024},
  howpublished = {\url{https://ipp.cl/educacion/cuales-son-las-carreras-mejor-pagadas-en-chile/#:~:text=Otra%20de%20las%20carreras%20con,cinco%20a%C3%B1os%20de%20profesional%20matriculado.}},
  note         = {Último acceso: 28-septiembre-2024}
}

@misc{trabajandocl2024_prevencionista,
  author       = {Trabajando.cl},
  title        = {Informe de Sueldos de Prevencionista de Riesgos - Trabajando.cl},
  year         = {2024},
  howpublished = {\url{https://www.trabajando.cl/informes-de-sueldo/prevencionista-riesgos}},
  note         = {Último acceso: 28-septiembre-2024}
}

@misc{unsm2024_tesis,
  author       = {Universidad Nacional de San Martín (UNSM)},
  title        = {Plan de Seguridad y Salud Ocupacional en el Proyecto Mejoramiento del Sistema de Agua Potable y Alcantarillado de la Localidad de Rioja, San Martín},
  year         = {2024},
  howpublished = {\url{https://repositorio.unsm.edu.pe/handle/11458/4310}},
  note         = {Último acceso: 28-septiembre-2024}
}

@misc{miguelgarcia2024_rendimientos,
  author       = {Miguel García},
  title        = {Rendimientos en la Construcción - Habilitado y Armado de Fierro de Refuerzo},
  year         = {2024},
  howpublished = {\url{https://www.miguelgarcia.xyz/rendimientos/#Habilitado%20y%20armado%20de%20fierro%20de%20refuerzo}},
  note         = {Último acceso: 28-septiembre-2024}
}

@misc{pautasconstruccion2016_pauta,
  author       = {Pautas Construcción},
  title        = {Pauta de Examen de Construcción - Pautas Construcción},
  year         = {2016},
  howpublished = {\url{https://pautasconstruccion.wordpress.com/wp-content/uploads/2016/05/pauta-exam1.pdf}},
  note         = {Último acceso: 28-septiembre-2024}
}

@misc{inia2024_excavaciones,
  author       = {Instituto de Investigaciones Agropecuarias (INIA)},
  title        = {Rendimiento Aproximado de Excavación y Recomendaciones para Excavaciones - INIA},
  year         = {2024},
  howpublished = {\url{https://biblioteca.inia.cl/server/api/core/bitstreams/15387f99-bfcc-4256-a3bd-e68d680fb544/content}},
  note         = {Último acceso: 28-septiembre-2024}
}
